% Optional fields: editor, volume/number, series, pages, address, month, organization, publisher, note
@INPROCEEDINGS{RSO,
	author = {Tomasz Jordan Kruk},
	title = "{Materiał wykładowy przedmoitu Rozproszone Systemy Operacyjne}",
	organization = {Politechnika Warszawska},
	year = {2015}
}

@MISC{CIA,
	title = "{CIA - The World Factbook}",
	organization = {Central Intelligence Agency},
	note = {\url{https://www.cia.gov}}
}

% Optional fields: author, title, howpublished, month, year, note
@MISC{virtualization,
	title = "{SaltStack is gaining momentum}",
	note = {\url{https://www.virtualizationpractice.com/saltstack-is-gaining-momentum-22170/}}
}

@MISC{puppet,
	title = "{PuppetLabs}",
	note = {\url{https://www.puppetlabs.com/}}
}

% Optional fields: author, title, howpublished, month, year, note
@MISC{saltstack,
	title = "{SaltStack}",
	note = {\url{https://saltstack.com}}
}

% Optional fields: author, title, howpublished, month, year, note
@MISC{vagrant,
	title = "{Vagrant}",
	note = "{\url{https://www.vagrantup.com}}"
}

% Optional fields: author, title, howpublished, month, year, note
@MISC{docker,
	title = "{Docker}",
	note = "{\url{https://www.docker.com/}}"
	
}
% Optional fields: author, title, howpublished, month, year, note
@MISC{infoworld,
	title = "{InfoWorld}",
	note = "{\url{http://www.infoworld.com}}"
}

@MISC{ociweb,
	title = "{OciWeb}",
	note = "{\url{https://www.ociweb.com/resources/publications/sett/march-2015-docker-vs-vagrant/}}"
}

% Optional fields: author, title, howpublished, month, year, note
@MISC{coreOS,
	title = "{CoreOS}",
	note = "{\url{http://www.coreos.com}}"
}

% Optional fields: author, title, howpublished, month, year, note
@MISC{indexmundi,
	title = "{Commodity Price Indices}",
	note = {\url{http://www.indexmundi.com/commodities/}}
}
@book{FRP,
   title = {Functional Reactive Programming},
   publisher = {Manning Publications},
   year = {2016},
   author = {Stephen Blackheath and Anthony Jones}
}

@article{surveyRP,
	author =       "Engineer Bainomugisha and Andoni Lombide Carreton and Tom Van Cutsem and Stijn
	Mostinckx and Wolfgang De Meuter",
	title =        "{A survey on reactive programming}",
	journal =      "ACM Computing Surveys",
	year =         "2012"
}

@article{GenuinelyFUI,
	author =       "Antony Courtney and Conal Elliott",
	title =        "{Genuinely functional user interfaces}",
	journal =      "In Haskell Workshop",
	year =         "2001"
}

@Inproceedings(RePeHuHa99,  
	Author = "A. Reid and J. Peterson and P. Hudak and G. Hager",  
	Title = "Prototyping Real-Time Vision Systems: An Experiment                  
	in DSL Design",  
	BookTitle = "Proceedings of ICSE 99: Intl. Conf. on Software                  
	Engineering",  
	Month =	 "May",  
	Year =	 1999) 
	
@article{declarative,
	author =       "J. Peterson and G. Hager and P. Hudak",
	title =        "{A language for declarative robotic programming}",
	journal =      "In Proceedings
	of IEEE Conf. on Robotics and Automation",
	month = "May", 
	year =         "1999"
}

@article{EventFUI,
	author =       "Zhanyong Wan and Walid Taha and Paul Hudak",
	title =        "{Event-driven FRP}",
	journal =      "In Proceedings of Third
	International Symposium on Practical Applications of
	Declarative Languages (PADL ’02)",
	month = "March", 
	year =         "2002"
}

@article{EssenceFRP,
	author =       "Jozsef Hegedus",
	title =        "{The Essence of FRP}",
	journal =      "Helsinki FRP Meetup",
	month = "April", 
	year =         "2015"
}

@book{progScala,
	title = {Programming Scala},
	publisher = {O'Reilly Media},
	month = "December", 
	year = {2014},
	author = {Dean Wampler and Alex Payne}
}

@misc{agent,
	title = "{Programowanie agentowe}",
	note = {\url{https://pl.wikipedia.org/wiki/Agent(programowanie)}}
}

@misc{reactiveX,
	title = "{dokumentacja ReactiveX}",
	note = {\url{http://reactivex.io/}}
}

@article{DepObserver,
	author =       "I. Maier and M. Odersky",
	title =        "{Deprecating the Observer Pattern with Scala.react}",
	journal =      "Technical report",
	year =         "2012"
}

@misc{RAII,
	title = "{wzorzec projektowy RAII}",
	note = {\url{https://pl.wikipedia.org/wiki/RAII}}
}

@book{bigData,
	title = {Big Data},
	publisher = {Helion},
	year = {2015},
	author = {Nathan Marz and James Warren}
}
@book{conScala,
	title = {Learning Concurrent Programming in Scala},
	publisher = {PACKT Publishing},
	month = "November", 
	year = {2014},
	author = {Aleksandar Prokopec}
}
